@inproceedings{nasr2019enemy,
  title={Enemy At the Gateways: Censorship-Resilient Proxy Distribution Using Game Theory.},
  author={Nasr, Milad and Farhang, Sadegh and Houmansadr, Amir and Grossklags, Jens},
  booktitle={NDSS},
  year={2019}
}